@online{bigfive,
title =        {Wat is De Big Five persoonlijkheidstheorie?},
author =       {Nieuwenhuis, M.A.},
url = {http://123management.nl/0/040_mensen/a400_mensen_12_teamrol_big_five.html},
urldate =      {2010}
},
@online{introverie,
title =        {Wat is introversie?},
author =       {Sluys, E.},
url = {http://www.elinesluyscoaching.nl/wat-is-introversie/},
urldate =      {2016}
},
@online{extraversie,
title =        {Extraverte en introverte mensen en hun taalgebruik},
author =       {Beukeboom, C.},
url = {http://tekstblad.nl/artikel/extraverte-en-introverte-mensen-en-hun-taalgebruik},
urldate =      {2011}
},
@online{altruisme,
title =        {‘Empathie is altruïsme met een snufje egoïsme’},
author =       {Overgaauw, S.},
url = {http://www.fsw.leidenuniv.nl/psychologie/nieuws/empathie-is-altruisme-met-een-snufje-egoisme.html},
urldate =      {03-03-2015}
},
@online{egoism,
title =        {Egoism},
author =       {Moseley, A.},
url = {http://www.iep.utm.edu/egoism/},
urldate =      {Unknown}
},
@online{neuroticism,
title =        {What is neuroticism? What causes neurosis?},
author =       {Nordqvist, C.},
url = {http://www.medicalnewstoday.com/articles/246608.php},
urldate =      {9-9-2014}
}
